
<record>
  <leader>02111cam a22003377i 4500</leader>
  <controlfield tag="001">19773982</controlfield>
  <controlfield tag="005">20200103151222.0</controlfield>
  <controlfield tag="008">170630s2016    be a     b    001 0 dut  </controlfield>
  <datafield tag="906" ind1=" " ind2=" ">
    <subfield code="a">7</subfield>
    <subfield code="b">cbc</subfield>
    <subfield code="c">origres</subfield>
    <subfield code="d">3</subfield>
    <subfield code="e">ncip</subfield>
    <subfield code="f">20</subfield>
    <subfield code="g">y-gencatlg</subfield>
  </datafield>
  <datafield tag="925" ind1="0" ind2=" ">
    <subfield code="a">acquire</subfield>
    <subfield code="b">1 shelf copy</subfield>
    <subfield code="x">policy default</subfield>
  </datafield>
  <datafield tag="955" ind1=" " ind2=" ">
    <subfield code="a">ve17 2017-07-07</subfield>
    <subfield code="b">bd31 2017-08-22</subfield>
    <subfield code="b">bc12 2019-03-20 z-processor (telework)</subfield>
    <subfield code="i">bc12 2019-05-13 (telework)</subfield>
    <subfield code="e">bc12 2019-06-04 to BCCD (ABACheck &amp; Labeled)</subfield>
  </datafield>
  <datafield tag="010" ind1=" " ind2=" ">
    <subfield code="a">  2017436678</subfield>
  </datafield>
  <datafield tag="020" ind1=" " ind2=" ">
    <subfield code="a">9789073626348</subfield>
  </datafield>
  <datafield tag="020" ind1=" " ind2=" ">
    <subfield code="a">907362634X</subfield>
  </datafield>
  <datafield tag="040" ind1=" " ind2=" ">
    <subfield code="a">DLC</subfield>
    <subfield code="b">eng</subfield>
    <subfield code="e">rda</subfield>
    <subfield code="c">DLC</subfield>
  </datafield>
  <datafield tag="050" ind1="0" ind2="0">
    <subfield code="a">PN73</subfield>
    <subfield code="b">.S765 2016</subfield>
  </datafield>
  <datafield tag="245" ind1="0" ind2="0">
    <subfield code="a">Stralend wil ik woorden baren :</subfield>
    <subfield code="b">proeven van letterkundig onderzoek /</subfield>
    <subfield code="c">Yves T&apos;Sjoen (red.).</subfield>
  </datafield>
  <datafield tag="264" ind1=" " ind2="1">
    <subfield code="a">Drongen :</subfield>
    <subfield code="b">Skribis,</subfield>
    <subfield code="c">[2016]</subfield>
  </datafield>
  <datafield tag="264" ind1=" " ind2="4">
    <subfield code="c">©2016</subfield>
  </datafield>
  <datafield tag="300" ind1=" " ind2=" ">
    <subfield code="a">88 pages :</subfield>
    <subfield code="b">illustrations ;</subfield>
    <subfield code="c">24 cm.</subfield>
  </datafield>
  <datafield tag="336" ind1=" " ind2=" ">
    <subfield code="a">text</subfield>
    <subfield code="b">txt</subfield>
    <subfield code="2">rdacontent</subfield>
  </datafield>
  <datafield tag="337" ind1=" " ind2=" ">
    <subfield code="a">unmediated</subfield>
    <subfield code="b">n</subfield>
    <subfield code="2">rdamedia</subfield>
  </datafield>
  <datafield tag="338" ind1=" " ind2=" ">
    <subfield code="a">volume</subfield>
    <subfield code="b">nc</subfield>
    <subfield code="2">rdacarrier</subfield>
  </datafield>
  <datafield tag="490" ind1="1" ind2=" ">
    <subfield code="a">Studia Germanica Gandensia Libri ;</subfield>
    <subfield code="v">68</subfield>
  </datafield>
  <datafield tag="504" ind1=" " ind2=" ">
    <subfield code="a">Includes bibliographical references.</subfield>
  </datafield>
  <datafield tag="520" ind1="8" ind2=" ">
    <subfield code="a">Het letterkundig onderzoek aan de Universiteit Gent levert elk academiejaar waardevolle en vernieuwende bevindingen op die worden gepresenteerd in masterscripties van de opleidingen Taal- en Letterkunde, Historische Taal- en Letterkunde en Vergelijkende Moderne Letterkunde. De titel van het jaarboek, &apos;Stralend wil ik woorden baren&apos;, is ontleend aan het variantenmateriaal van de Vlaamse dichter Marcel van Maele. Het periodiek omvat drie bijdragen in het vakgebied van de moderne Nederlandse letterkunde waarbij de klemtoon ligt op tekstgenetisch onderzoek en genetisch-tekstinterpretatief commentaar. De artikelen handelen over de genese van literaire teksten van Willem Elsschot, René Gysen en Marcel van Maele. Daarnaast biedt het jaarboek een tekst op basis van een trauma-theoretische lezing van Samuel Taylor Coleridges &apos;The Rime of the Ancient Mariner&apos;.</subfield>
  </datafield>
  <datafield tag="650" ind1=" " ind2="0">
    <subfield code="a">Literature</subfield>
    <subfield code="x">Research</subfield>
    <subfield code="x">Methodology.</subfield>
  </datafield>
  <datafield tag="700" ind1="1" ind2=" ">
    <subfield code="a">T&apos;Sjoen, Yves,</subfield>
    <subfield code="e">editor.</subfield>
  </datafield>
  <datafield tag="830" ind1=" " ind2="0">
    <subfield code="a">Studia Germanica Gandensia.</subfield>
    <subfield code="p">Libri ;</subfield>
    <subfield code="v">68.</subfield>
  </datafield>
  <datafield tag="923" ind1=" " ind2=" ">
    <subfield code="d">20170630</subfield>
    <subfield code="n">70119489</subfield>
    <subfield code="s">Erasmus</subfield>
  </datafield>
  <datafield tag="985" ind1=" " ind2=" ">
    <subfield code="e">VENDOR LOAD</subfield>
  </datafield>
</record>