
<record>
  <leader>01832cam a22003257i 4500</leader>
  <controlfield tag="001">19775692</controlfield>
  <controlfield tag="005">20200103151222.0</controlfield>
  <controlfield tag="008">170417s2016    mx           s000 1 spa  </controlfield>
  <datafield tag="906" ind1=" " ind2=" ">
    <subfield code="a">7</subfield>
    <subfield code="b">cbc</subfield>
    <subfield code="c">origres</subfield>
    <subfield code="d">4</subfield>
    <subfield code="e">ncip</subfield>
    <subfield code="f">20</subfield>
    <subfield code="g">y-gencatlg</subfield>
  </datafield>
  <datafield tag="925" ind1="0" ind2=" ">
    <subfield code="a">acquire</subfield>
    <subfield code="b">1 shelf copy</subfield>
    <subfield code="x">policy default</subfield>
  </datafield>
  <datafield tag="955" ind1=" " ind2=" ">
    <subfield code="a">ve07</subfield>
    <subfield code="b">bf27 2017-09-15 to ALAWE/MCAC</subfield>
    <subfield code="b">bf03 2017-10-12</subfield>
    <subfield code="h">bf03 2017-10-12 to shelf</subfield>
  </datafield>
  <datafield tag="010" ind1=" " ind2=" ">
    <subfield code="a">  2017444172</subfield>
  </datafield>
  <datafield tag="020" ind1=" " ind2=" ">
    <subfield code="a">9786075240701</subfield>
  </datafield>
  <datafield tag="035" ind1=" " ind2=" ">
    <subfield code="a">(MxMxBFM)bfm970179579</subfield>
  </datafield>
  <datafield tag="040" ind1=" " ind2=" ">
    <subfield code="a">DLC</subfield>
    <subfield code="b">eng</subfield>
    <subfield code="e">rda</subfield>
    <subfield code="c">DLC</subfield>
  </datafield>
  <datafield tag="050" ind1="0" ind2="0">
    <subfield code="a">MLCS 2017/46938 (P)</subfield>
  </datafield>
  <datafield tag="245" ind1="0" ind2="4">
    <subfield code="a">Los misterios de Campeche /</subfield>
    <subfield code="c">Academia Literaria de Campeche ; Martín Solares, coordinador.</subfield>
  </datafield>
  <datafield tag="250" ind1=" " ind2=" ">
    <subfield code="a">Primera edición.</subfield>
  </datafield>
  <datafield tag="264" ind1=" " ind2="1">
    <subfield code="a">México :</subfield>
    <subfield code="b">SECULT, Gobierno del Estado, Campeche 2015-20121 :</subfield>
    <subfield code="b">Secretaría de Cultura :</subfield>
    <subfield code="b">Cámara de Diputados, LXIII Legislatura :</subfield>
    <subfield code="b">MA Porrúa, librero-editor,</subfield>
    <subfield code="c">2016.</subfield>
  </datafield>
  <datafield tag="300" ind1=" " ind2=" ">
    <subfield code="a">109 pages ;</subfield>
    <subfield code="c">21 cm.</subfield>
  </datafield>
  <datafield tag="336" ind1=" " ind2=" ">
    <subfield code="a">text</subfield>
    <subfield code="b">txt</subfield>
    <subfield code="2">rdacontent</subfield>
  </datafield>
  <datafield tag="337" ind1=" " ind2=" ">
    <subfield code="a">unmediated</subfield>
    <subfield code="b">n</subfield>
    <subfield code="2">rdamedia</subfield>
  </datafield>
  <datafield tag="338" ind1=" " ind2=" ">
    <subfield code="a">volume</subfield>
    <subfield code="b">nc</subfield>
    <subfield code="2">rdacarrier</subfield>
  </datafield>
  <datafield tag="490" ind1="0" ind2=" ">
    <subfield code="a">PIRUL. Varia literaria</subfield>
  </datafield>
  <datafield tag="505" ind1="0" ind2=" ">
    <subfield code="a">La Magdalena / Carlos Farfán -- Karma it&apos;s a bitch / Pedro Ferrer -- Cangrejos negros / Alfonso Esquivel -- Erase un alux / Sabeli Ceballos -- No es de aquí / Agustín Chuc -- Casi una santa / Aracelly Castillo Negrín -- La noche plutónica / Laura Margarita Hernández Baez -- Cómo bajar cocos afuera de una muralla / Fernándo del Jesús Martínez Quintal -- El arte de la deducción / Miguel Ángel García Peña  -- No le diga a nadie / Inosente Alcudia -- El día que conocí a Luisa María / Rafael Ferrer Franco.</subfield>
  </datafield>
  <datafield tag="653" ind1=" " ind2=" ">
    <subfield code="a">Mexican Short stories;</subfield>
    <subfield code="a">Campeche, Mexico;</subfield>
    <subfield code="a">fiction</subfield>
  </datafield>
  <datafield tag="700" ind1="1" ind2=" ">
    <subfield code="a">Solares, Martín,</subfield>
    <subfield code="d">1970-</subfield>
    <subfield code="e">editor.</subfield>
  </datafield>
  <datafield tag="710" ind1="2" ind2=" ">
    <subfield code="a">Academia Literaria de Campeche,</subfield>
    <subfield code="e">issuing body.</subfield>
  </datafield>
  <datafield tag="923" ind1=" " ind2=" ">
    <subfield code="d">20170607</subfield>
    <subfield code="n">3327</subfield>
    <subfield code="s">MxMxBFM</subfield>
  </datafield>
  <datafield tag="985" ind1=" " ind2=" ">
    <subfield code="e">VENDOR LOAD</subfield>
  </datafield>
</record>