
<record>
  <leader>02764cam a22003737i 4500</leader>
  <controlfield tag="001">19780511</controlfield>
  <controlfield tag="005">20200103121347.0</controlfield>
  <controlfield tag="008">170711s2015    ag       b    000 0 spa c</controlfield>
  <datafield tag="906" ind1=" " ind2=" ">
    <subfield code="a">7</subfield>
    <subfield code="b">cbc</subfield>
    <subfield code="c">pccadap</subfield>
    <subfield code="d">3</subfield>
    <subfield code="e">ncip</subfield>
    <subfield code="f">20</subfield>
    <subfield code="g">y-gencatlg</subfield>
  </datafield>
  <datafield tag="925" ind1="0" ind2=" ">
    <subfield code="a">acquire</subfield>
    <subfield code="b">1 shelf copy</subfield>
    <subfield code="x">policy default</subfield>
  </datafield>
  <datafield tag="955" ind1=" " ind2=" ">
    <subfield code="b">bg08 2016-07-05 overtime to ALAWE/SA</subfield>
    <subfield code="b">bc12 2017-07-11 z-processor (overtime)</subfield>
    <subfield code="i">bc12 2017-08-16 (telework)</subfield>
    <subfield code="e">bc12 2017-08-22 to BCCD (ABAchecked &amp; Labeled)</subfield>
  </datafield>
  <datafield tag="010" ind1=" " ind2=" ">
    <subfield code="a">  2016428767</subfield>
  </datafield>
  <datafield tag="020" ind1=" " ind2=" ">
    <subfield code="a">9789501201956</subfield>
    <subfield code="q">paperback</subfield>
  </datafield>
  <datafield tag="020" ind1=" " ind2=" ">
    <subfield code="a">9501201953</subfield>
    <subfield code="q">paperback</subfield>
  </datafield>
  <datafield tag="035" ind1=" " ind2=" ">
    <subfield code="a">(OCoLC)ocn905492180</subfield>
  </datafield>
  <datafield tag="040" ind1=" " ind2=" ">
    <subfield code="a">COD</subfield>
    <subfield code="b">eng</subfield>
    <subfield code="c">COD</subfield>
    <subfield code="e">rda</subfield>
    <subfield code="d">COD</subfield>
    <subfield code="d">OCLCF</subfield>
    <subfield code="d">H7K</subfield>
    <subfield code="d">PUL</subfield>
    <subfield code="d">ZCU</subfield>
    <subfield code="d">FDA</subfield>
    <subfield code="d">OCL</subfield>
    <subfield code="d">DLC</subfield>
  </datafield>
  <datafield tag="043" ind1=" " ind2=" ">
    <subfield code="a">s-ag---</subfield>
  </datafield>
  <datafield tag="050" ind1="0" ind2="0">
    <subfield code="a">N6635.6</subfield>
    <subfield code="b">.E985 2015</subfield>
  </datafield>
  <datafield tag="100" ind1="1" ind2=" ">
    <subfield code="a">Ezquiaga, Mercedes,</subfield>
    <subfield code="d">1978-</subfield>
    <subfield code="e">author.</subfield>
  </datafield>
  <datafield tag="245" ind1="1" ind2="0">
    <subfield code="a">Todo lo que necesitás saber sobre arte argentino /</subfield>
    <subfield code="c">Mercedes Ezquiaga.</subfield>
  </datafield>
  <datafield tag="246" ind1="3" ind2="0">
    <subfield code="a">Todo arte argentino</subfield>
  </datafield>
  <datafield tag="250" ind1=" " ind2=" ">
    <subfield code="a">1a edición en Argentina.</subfield>
  </datafield>
  <datafield tag="264" ind1=" " ind2="1">
    <subfield code="a">Buenos Aires :</subfield>
    <subfield code="b">Paidós,</subfield>
    <subfield code="c">2015</subfield>
  </datafield>
  <datafield tag="300" ind1=" " ind2=" ">
    <subfield code="a">266 pages ;</subfield>
    <subfield code="c">23 cm</subfield>
  </datafield>
  <datafield tag="336" ind1=" " ind2=" ">
    <subfield code="a">text</subfield>
    <subfield code="b">txt</subfield>
    <subfield code="2">rdacontent</subfield>
  </datafield>
  <datafield tag="337" ind1=" " ind2=" ">
    <subfield code="a">unmediated</subfield>
    <subfield code="b">n</subfield>
    <subfield code="2">rdamedia</subfield>
  </datafield>
  <datafield tag="338" ind1=" " ind2=" ">
    <subfield code="a">volume</subfield>
    <subfield code="b">nc</subfield>
    <subfield code="2">rdacarrier</subfield>
  </datafield>
  <datafield tag="504" ind1=" " ind2=" ">
    <subfield code="a">Includes bibliographical references (pages 257-266).</subfield>
  </datafield>
  <datafield tag="505" ind1="8" ind2=" ">
    <subfield code="a">Prólogo -- El espectador protagonista -- Coleccionismo -- Arte y tecnología -- El curador -- Proliferación de espacios expositivos -- Las subastas de arte -- Argentinos por el mundo -- &quot;Ateliers&quot; de artistas -- Cosas de chicos -- Residencias de artistas -- Visitas internacionales -- Arte y política -- Espacios de formación -- La Bienal de Venecia -- Premios y concursos -- La feria -- El mural de Siqueiros -- Semilleros -- &quot;Street art&quot; y grafitis -- La fusión con la moda -- La fotografía -- Arte en las villas -- El dibujo y la historieta -- El cuerpo como soporte -- &quot;Performances&quot; -- &quot;Site-specifics&quot; -- Diseño -- Arte y literatura -- Acciones urbanas -- Mar del Plata -- Rosario -- San Juan -- Córdoba -- Tucumán -- Chaco -- Antártida.</subfield>
  </datafield>
  <datafield tag="520" ind1=" " ind2=" ">
    <subfield code="a">For years, the world of art was perceived as an experience reserved only for those &quot;in the know&quot;, who were removed by an imaginary barrier from the public masses. This mindset changed with the arrival of the 21st century and today in Argentina there are thousands of museums and galleries for people to interact with.This book invites the reader behind the scenes of a universe that unfolds through performances, installations, street art, design, fashion, new technologies as well as in museums, galleries, studios and of course with curators and the artists themselves, not exclusive to anyone.</subfield>
  </datafield>
  <datafield tag="546" ind1=" " ind2=" ">
    <subfield code="a">In Spanish.</subfield>
  </datafield>
  <datafield tag="650" ind1=" " ind2="0">
    <subfield code="a">Art, Argentine</subfield>
    <subfield code="x">History</subfield>
    <subfield code="y">21st century.</subfield>
  </datafield>
  <datafield tag="650" ind1=" " ind2="0">
    <subfield code="a">Art and popular culture</subfield>
    <subfield code="z">Argentina.</subfield>
  </datafield>
  <datafield tag="650" ind1=" " ind2="0">
    <subfield code="a">Arts, Argentine</subfield>
    <subfield code="x">History</subfield>
    <subfield code="y">21st century.</subfield>
  </datafield>
</record>