
<record>
  <leader>02981cam a22004817i 4500</leader>
  <controlfield tag="001">19789311</controlfield>
  <controlfield tag="005">20200103151224.0</controlfield>
  <controlfield tag="008">170717s2016    nyua     b    001 0 eng c</controlfield>
  <datafield tag="906" ind1=" " ind2=" ">
    <subfield code="a">7</subfield>
    <subfield code="b">cbc</subfield>
    <subfield code="c">pccadap</subfield>
    <subfield code="d">2</subfield>
    <subfield code="e">ncip</subfield>
    <subfield code="f">20</subfield>
    <subfield code="g">y-gencatlg</subfield>
  </datafield>
  <datafield tag="925" ind1="0" ind2=" ">
    <subfield code="a">acquire</subfield>
    <subfield code="b">1 shelf copy</subfield>
    <subfield code="x">policy default</subfield>
  </datafield>
  <datafield tag="955" ind1=" " ind2=" ">
    <subfield code="b">xn11 2017-07-17 z-processor to USASH</subfield>
    <subfield code="f">rl06 2017-07-25 to CALM</subfield>
  </datafield>
  <datafield tag="010" ind1=" " ind2=" ">
    <subfield code="a">  2017288560</subfield>
  </datafield>
  <datafield tag="020" ind1=" " ind2=" ">
    <subfield code="a">9780544018440</subfield>
    <subfield code="q">(hardcover)</subfield>
  </datafield>
  <datafield tag="020" ind1=" " ind2=" ">
    <subfield code="a">0544018443</subfield>
    <subfield code="q">(hardcover)</subfield>
  </datafield>
  <datafield tag="035" ind1=" " ind2=" ">
    <subfield code="a">(OCoLC)ocn953709935</subfield>
  </datafield>
  <datafield tag="040" ind1=" " ind2=" ">
    <subfield code="a">BTCTA</subfield>
    <subfield code="b">eng</subfield>
    <subfield code="c">BTCTA</subfield>
    <subfield code="e">rda</subfield>
    <subfield code="d">YDXCP</subfield>
    <subfield code="d">BDX</subfield>
    <subfield code="d">ZQP</subfield>
    <subfield code="d">CLE</subfield>
    <subfield code="d">OCLCF</subfield>
    <subfield code="d">YAM</subfield>
    <subfield code="d">HTM</subfield>
    <subfield code="d">OBE</subfield>
    <subfield code="d">VP@</subfield>
    <subfield code="d">OCL</subfield>
    <subfield code="d">T3B</subfield>
    <subfield code="d">DLC</subfield>
  </datafield>
  <datafield tag="043" ind1=" " ind2=" ">
    <subfield code="a">n------</subfield>
  </datafield>
  <datafield tag="050" ind1="0" ind2="0">
    <subfield code="a">QL696.F3</subfield>
    <subfield code="b">D85 2016</subfield>
  </datafield>
  <datafield tag="100" ind1="1" ind2=" ">
    <subfield code="a">Dunne, Pete,</subfield>
    <subfield code="d">1951-</subfield>
    <subfield code="e">author.</subfield>
  </datafield>
  <datafield tag="245" ind1="1" ind2="0">
    <subfield code="a">Birds of prey :</subfield>
    <subfield code="b">hawks, eagles, falcons, and vultures of North America /</subfield>
    <subfield code="c">Pete Dunne, with Kevin T. Karlson ; photo research and production by Kevin T. Karlson.</subfield>
  </datafield>
  <datafield tag="246" ind1="3" ind2="0">
    <subfield code="a">Hawks, eagles, falcons, and vultures of North America</subfield>
  </datafield>
  <datafield tag="264" ind1=" " ind2="1">
    <subfield code="a">New York, NY :</subfield>
    <subfield code="b">Houghton Mifflin Harcourt,</subfield>
    <subfield code="c">2016.</subfield>
  </datafield>
  <datafield tag="300" ind1=" " ind2=" ">
    <subfield code="a">xi, 305 pages :</subfield>
    <subfield code="b">illustrations (chiefly color) ;</subfield>
    <subfield code="c">24 cm</subfield>
  </datafield>
  <datafield tag="336" ind1=" " ind2=" ">
    <subfield code="a">text</subfield>
    <subfield code="b">txt</subfield>
    <subfield code="2">rdacontent</subfield>
  </datafield>
  <datafield tag="336" ind1=" " ind2=" ">
    <subfield code="a">still image</subfield>
    <subfield code="b">sti</subfield>
    <subfield code="2">rdacontent</subfield>
  </datafield>
  <datafield tag="337" ind1=" " ind2=" ">
    <subfield code="a">unmediated</subfield>
    <subfield code="b">n</subfield>
    <subfield code="2">rdamedia</subfield>
  </datafield>
  <datafield tag="338" ind1=" " ind2=" ">
    <subfield code="a">volume</subfield>
    <subfield code="b">nc</subfield>
    <subfield code="2">rdacarrier</subfield>
  </datafield>
  <datafield tag="504" ind1=" " ind2=" ">
    <subfield code="a">Includes bibliographical references (pages 299-302) and index.</subfield>
  </datafield>
  <datafield tag="505" ind1="0" ind2=" ">
    <subfield code="a">Introduction : the allure of raptors -- The birds of prey -- Species accounts -- Osprey -- Kites. Hook-billed kite -- Swallow-tailed kite -- White-tailed kite -- Snail kite -- Mississippi kite -- Sea eagles. Bald eagle -- Harriers. Northern harrier -- Accipiters. Sharp-shinned hawk -- Cooper&apos;s hawk -- Northern goshawk -- Buteos and allies. Common black-hawk -- Harris&apos;s hawk -- Red-shouldered hawk -- Broad-winged hawk -- Gray hawk -- Short-tailed hawk -- Swainson&apos;s hawk -- White-tailed hawk -- Zone-tailed hawk -- Red-tailed hawk -- Ferruginous hawk -- Rough-legged hawk -- Aquila eagles. Golden eagle -- Falconidae. Crested caracara -- American kestrel -- Merlin -- Aplomado falcon -- Gyrfalcon -- Peregrine falcon -- Prairie falcon -- New world vultures. Black vulture -- Turkey vulture -- California condor -- Threats to birds of prey -- Things you can do to help birds of prey.</subfield>
  </datafield>
  <datafield tag="650" ind1=" " ind2="0">
    <subfield code="a">Falconiformes</subfield>
    <subfield code="z">North America.</subfield>
  </datafield>
  <datafield tag="650" ind1=" " ind2="0">
    <subfield code="a">Falconiformes</subfield>
    <subfield code="z">North America</subfield>
    <subfield code="v">Identification.</subfield>
  </datafield>
  <datafield tag="650" ind1=" " ind2="0">
    <subfield code="a">Birds of prey</subfield>
    <subfield code="z">North America.</subfield>
  </datafield>
  <datafield tag="650" ind1=" " ind2="0">
    <subfield code="a">Birds of prey</subfield>
    <subfield code="z">North America</subfield>
    <subfield code="v">Identification.</subfield>
  </datafield>
  <datafield tag="650" ind1=" " ind2="0">
    <subfield code="a">Birds of prey</subfield>
    <subfield code="x">Behavior</subfield>
    <subfield code="z">North America.</subfield>
  </datafield>
  <datafield tag="650" ind1=" " ind2="4">
    <subfield code="a">Birds of prey</subfield>
    <subfield code="z">North America.</subfield>
  </datafield>
  <datafield tag="650" ind1=" " ind2="4">
    <subfield code="a">Birds of prey</subfield>
    <subfield code="z">North America</subfield>
    <subfield code="x">Identification.</subfield>
  </datafield>
  <datafield tag="650" ind1=" " ind2="4">
    <subfield code="a">Birds of prey</subfield>
    <subfield code="x">Behavior</subfield>
    <subfield code="z">North America.</subfield>
  </datafield>
  <datafield tag="650" ind1=" " ind2="7">
    <subfield code="a">Falconiformes.</subfield>
    <subfield code="2">fast</subfield>
    <subfield code="0">(OCoLC)fst00919990</subfield>
  </datafield>
  <datafield tag="650" ind1=" " ind2="7">
    <subfield code="a">Birds of prey.</subfield>
    <subfield code="2">fast</subfield>
    <subfield code="0">(OCoLC)fst00833096</subfield>
  </datafield>
  <datafield tag="650" ind1=" " ind2="7">
    <subfield code="a">Birds of prey</subfield>
    <subfield code="x">Behavior.</subfield>
    <subfield code="2">fast</subfield>
    <subfield code="0">(OCoLC)fst00833098</subfield>
  </datafield>
  <datafield tag="651" ind1=" " ind2="7">
    <subfield code="a">North America.</subfield>
    <subfield code="2">fast</subfield>
    <subfield code="0">(OCoLC)fst01242475</subfield>
  </datafield>
  <datafield tag="655" ind1=" " ind2="7">
    <subfield code="a">Identification guides.</subfield>
    <subfield code="2">fast</subfield>
    <subfield code="0">(OCoLC)fst01940354</subfield>
  </datafield>
  <datafield tag="700" ind1="1" ind2=" ">
    <subfield code="a">Karlson, Kevin,</subfield>
    <subfield code="e">author.</subfield>
  </datafield>
</record>