
<record>
  <leader>02225cam a22003017i 4500</leader>
  <controlfield tag="001">19818366</controlfield>
  <controlfield tag="005">20200103151226.0</controlfield>
  <controlfield tag="008">170718s2016    be a     b    000 0 dut  </controlfield>
  <datafield tag="906" ind1=" " ind2=" ">
    <subfield code="a">7</subfield>
    <subfield code="b">cbc</subfield>
    <subfield code="c">origres</subfield>
    <subfield code="d">3</subfield>
    <subfield code="e">ncip</subfield>
    <subfield code="f">20</subfield>
    <subfield code="g">y-gencatlg</subfield>
  </datafield>
  <datafield tag="925" ind1="0" ind2=" ">
    <subfield code="a">acquire</subfield>
    <subfield code="b">1 shelf copy</subfield>
    <subfield code="x">policy default</subfield>
  </datafield>
  <datafield tag="955" ind1=" " ind2=" ">
    <subfield code="a">ve17 2017-07-21</subfield>
    <subfield code="b">bd31 2017-08-31</subfield>
    <subfield code="b">bc12 2019-03-11 z-processor (telework)</subfield>
    <subfield code="i">bc12 2019-06-05 (telework)</subfield>
    <subfield code="e">bc12 2019-06-21 to BCCD (ABACheck &amp; Labeled)</subfield>
  </datafield>
  <datafield tag="010" ind1=" " ind2=" ">
    <subfield code="a">  2017445357</subfield>
  </datafield>
  <datafield tag="020" ind1=" " ind2=" ">
    <subfield code="a">9789463370127</subfield>
  </datafield>
  <datafield tag="020" ind1=" " ind2=" ">
    <subfield code="a">9463370129</subfield>
  </datafield>
  <datafield tag="040" ind1=" " ind2=" ">
    <subfield code="a">DLC</subfield>
    <subfield code="b">eng</subfield>
    <subfield code="e">rda</subfield>
    <subfield code="c">DLC</subfield>
  </datafield>
  <datafield tag="050" ind1="0" ind2="0">
    <subfield code="a">RM218.7</subfield>
    <subfield code="b">.A537 2017</subfield>
  </datafield>
  <datafield tag="100" ind1="1" ind2=" ">
    <subfield code="a">Albrecht, Johan.</subfield>
  </datafield>
  <datafield tag="245" ind1="1" ind2="4">
    <subfield code="a">Het gewicht van vlees. Red jezelf. De planeet en de overheidsfinanciën.</subfield>
    <subfield code="c">Johan Albrecht.</subfield>
  </datafield>
  <datafield tag="260" ind1=" " ind2=" ">
    <subfield code="a">Kapellen :</subfield>
    <subfield code="b">Pelckmans Pro,</subfield>
    <subfield code="c">2017.</subfield>
  </datafield>
  <datafield tag="300" ind1=" " ind2=" ">
    <subfield code="a">232 pages :</subfield>
    <subfield code="b">illustrations ;</subfield>
    <subfield code="c">23 cm.</subfield>
  </datafield>
  <datafield tag="336" ind1=" " ind2=" ">
    <subfield code="a">text</subfield>
    <subfield code="b">txt</subfield>
    <subfield code="2">rdacontent</subfield>
  </datafield>
  <datafield tag="337" ind1=" " ind2=" ">
    <subfield code="a">unmediated</subfield>
    <subfield code="b">n</subfield>
    <subfield code="2">rdamedia</subfield>
  </datafield>
  <datafield tag="338" ind1=" " ind2=" ">
    <subfield code="a">volume</subfield>
    <subfield code="b">nc</subfield>
    <subfield code="2">rdacarrier</subfield>
  </datafield>
  <datafield tag="504" ind1=" " ind2=" ">
    <subfield code="a">Includes bibliographical references (pages [221]-231).</subfield>
  </datafield>
  <datafield tag="520" ind1="8" ind2=" ">
    <subfield code="a">Johan Albrecht toont hoe de juiste voedingskeuzes kunnen helpen in de strijd tegen een hoge bloeddruk, een hoge cholesterol, hart- en vaatziekten, diabetes type 2, overgewicht en bepaalde kankerrisico?s. Bovendien heeft kiezen voor minder of geen dierlijke producten ook belangrijke ecologische en economische voordelen. De productie van vlees heeft eenzelfde CO2-impact als het verkeer en de planeet kan een globalisering van ons Westerse dieet met veel dierlijke producten absoluut niet aan. Tegelijkertijd zorgt de opmars van dure chronische aandoeningen voor budgettaire uitdagingen en is een ambitieuzer preventiebeleid inzake voeding nodig.00In &apos;Het gewicht van vlees&apos; deelt Johan Albrecht zijn eigen zoektocht met de lezer. Op een toegankelijke manier maakt hij duidelijk waarom de noodzakelijke voedingstransitie het meest rendabele project van de 21ste eeuw kan worden. Het geheel wordt op smaak gebracht met talloze praktische tips en tricks zodat de lezer aan de slag kan. Elke plantaardige maaltijd versterkt immers je gezondheid, spaart de planeet en helpt dure gezondheidsuitgaven te vermijden.</subfield>
  </datafield>
  <datafield tag="650" ind1=" " ind2="0">
    <subfield code="a">Nutrition counseling</subfield>
  </datafield>
  <datafield tag="923" ind1=" " ind2=" ">
    <subfield code="d">20170718</subfield>
    <subfield code="n">70121359</subfield>
    <subfield code="s">Erasmus</subfield>
  </datafield>
  <datafield tag="985" ind1=" " ind2=" ">
    <subfield code="e">VENDOR LOAD</subfield>
  </datafield>
</record>