
<record>
  <leader>02667cam a2200361 i 4500</leader>
  <controlfield tag="001">19865725</controlfield>
  <controlfield tag="005">20200103072925.0</controlfield>
  <controlfield tag="008">170615s2017    fr       b    000 0 fre  </controlfield>
  <datafield tag="906" ind1=" " ind2=" ">
    <subfield code="a">7</subfield>
    <subfield code="b">cbc</subfield>
    <subfield code="c">origres</subfield>
    <subfield code="d">2</subfield>
    <subfield code="e">ncip</subfield>
    <subfield code="f">20</subfield>
    <subfield code="g">y-gencatlg</subfield>
  </datafield>
  <datafield tag="925" ind1="0" ind2=" ">
    <subfield code="a">acquire</subfield>
    <subfield code="b">1 shelf copy</subfield>
    <subfield code="x">policy default</subfield>
  </datafield>
  <datafield tag="955" ind1=" " ind2=" ">
    <subfield code="b">bd22 2020-01-02 z-processor</subfield>
    <subfield code="i">bd22 2020-01-02 to Dewey (telework)</subfield>
  </datafield>
  <datafield tag="955" ind1=" " ind2=" ">
    <subfield code="a">ve03;</subfield>
    <subfield code="b">bd19 2017-10-02</subfield>
  </datafield>
  <datafield tag="010" ind1=" " ind2=" ">
    <subfield code="a">  2017459154</subfield>
  </datafield>
  <datafield tag="020" ind1=" " ind2=" ">
    <subfield code="a">9791093240329</subfield>
    <subfield code="q">(paperback)</subfield>
  </datafield>
  <datafield tag="040" ind1=" " ind2=" ">
    <subfield code="a">DLC</subfield>
    <subfield code="b">eng</subfield>
    <subfield code="e">rda</subfield>
    <subfield code="c">DLC</subfield>
  </datafield>
  <datafield tag="042" ind1=" " ind2=" ">
    <subfield code="a">pcc</subfield>
  </datafield>
  <datafield tag="043" ind1=" " ind2=" ">
    <subfield code="a">n-us---</subfield>
  </datafield>
  <datafield tag="050" ind1="0" ind2="0">
    <subfield code="a">HF1756</subfield>
    <subfield code="b">.H37 2017</subfield>
  </datafield>
  <datafield tag="100" ind1="1" ind2=" ">
    <subfield code="a">Harbulot, Christian,</subfield>
    <subfield code="e">author.</subfield>
  </datafield>
  <datafield tag="245" ind1="1" ind2="3">
    <subfield code="a">Le nationalisme économique américain /</subfield>
    <subfield code="c">Christian Harbulot.</subfield>
  </datafield>
  <datafield tag="264" ind1=" " ind2="1">
    <subfield code="a">Versailles :</subfield>
    <subfield code="b">VA éditions,</subfield>
    <subfield code="c">[2017]</subfield>
  </datafield>
  <datafield tag="300" ind1=" " ind2=" ">
    <subfield code="a">117 pages ;</subfield>
    <subfield code="c">24 cm.</subfield>
  </datafield>
  <datafield tag="336" ind1=" " ind2=" ">
    <subfield code="a">text</subfield>
    <subfield code="b">txt</subfield>
    <subfield code="2">rdacontent</subfield>
  </datafield>
  <datafield tag="337" ind1=" " ind2=" ">
    <subfield code="a">unmediated</subfield>
    <subfield code="b">n</subfield>
    <subfield code="2">rdamedia</subfield>
  </datafield>
  <datafield tag="338" ind1=" " ind2=" ">
    <subfield code="a">volume</subfield>
    <subfield code="b">nc</subfield>
    <subfield code="2">rdacarrier</subfield>
  </datafield>
  <datafield tag="490" ind1="0" ind2=" ">
    <subfield code="a">Collection &quot;Guerre de l&apos;information&quot;</subfield>
  </datafield>
  <datafield tag="504" ind1=" " ind2=" ">
    <subfield code="a">Includes bibliographical references.</subfield>
  </datafield>
  <datafield tag="505" ind1="0" ind2="0">
    <subfield code="g">1.</subfield>
    <subfield code="t">Nationalisme économique et économie de marché --</subfield>
    <subfield code="t">L&apos;expansion commerciale --</subfield>
    <subfield code="t">Etat et marché --</subfield>
    <subfield code="t">Les nouveaux types de nationalisme économique --</subfield>
    <subfield code="g">2.</subfield>
    <subfield code="t">Les racines historiques du nationalisme économique Américain --</subfield>
    <subfield code="t">La maîtrise territoriale de l&apos;économie américaine --</subfield>
    <subfield code="t">Politique d&apos;exportation et protectionnisme --</subfield>
    <subfield code="t">Un libre-échange ambivalent --</subfield>
    <subfield code="g">3.</subfield>
    <subfield code="t">Les faux semblants du thatchérisme --</subfield>
    <subfield code="t">Les atouts déclinants d&apos;une vieille puissance --</subfield>
    <subfield code="t">La réorientation de la stratégie de la Grande-Bretagne --</subfield>
    <subfield code="t">Une restructuration centrée sur les télécommunications et la finance --</subfield>
    <subfield code="g">4.</subfield>
    <subfield code="t">Sur les traces du pragmatisme reaganien --</subfield>
    <subfield code="t">L&apos;invention d&apos;une realpolitik économique --</subfield>
    <subfield code="t">Combattre le déclinisme par le nationalisme économique --</subfield>
    <subfield code="t">Contenir la puissance chinoise --</subfield>
    <subfield code="g">5.</subfield>
    <subfield code="t">L&apos;influence limitée de l&apos;idéologie radicale --</subfield>
    <subfield code="t">Un Président soutenu par des courants contradictoires --</subfield>
    <subfield code="t">Le rejet d&apos;un libre-échange mondialiste --</subfield>
    <subfield code="t">Le nationalisme économique à l&apos;épreuve d&apos;un consensus fragile --</subfield>
    <subfield code="g">6.</subfield>
    <subfield code="t">La fausse rupture patriotique de la Silicon Valley? --</subfield>
    <subfield code="t">L&apos;émergence d&apos;un modèle supranational --</subfield>
    <subfield code="t">Une innovation technologique à des fins géopolitiques --</subfield>
    <subfield code="t">Les acquis de puissance obtenus grâce aux nouvelles technologies --</subfield>
    <subfield code="g">7.</subfield>
    <subfield code="t">Le face à face avec l&apos;Asie --</subfield>
    <subfield code="t">L&apos;avantage du positionnement américain --</subfield>
    <subfield code="t">Le durcissement des relations multilatérales --</subfield>
    <subfield code="t">La Chine en embuscade.</subfield>
  </datafield>
  <datafield tag="650" ind1=" " ind2="0">
    <subfield code="a">Protectionism</subfield>
    <subfield code="z">United States.</subfield>
  </datafield>
  <datafield tag="651" ind1=" " ind2="0">
    <subfield code="a">United States</subfield>
    <subfield code="x">Commercial policy.</subfield>
  </datafield>
  <datafield tag="651" ind1=" " ind2="0">
    <subfield code="a">United States</subfield>
    <subfield code="x">International economic relations.</subfield>
  </datafield>
  <datafield tag="923" ind1=" " ind2=" ">
    <subfield code="d">20170728</subfield>
    <subfield code="n">587933</subfield>
    <subfield code="s">93000601</subfield>
  </datafield>
  <datafield tag="985" ind1=" " ind2=" ">
    <subfield code="e">VENDOR LOAD</subfield>
  </datafield>
</record>