
<record>
  <leader>04748cam a22006017i 4500</leader>
  <controlfield tag="001">19866743</controlfield>
  <controlfield tag="005">20200103151230.0</controlfield>
  <controlfield tag="008">170807s2016    cauab    bs   000 0 eng c</controlfield>
  <datafield tag="906" ind1=" " ind2=" ">
    <subfield code="a">7</subfield>
    <subfield code="b">cbc</subfield>
    <subfield code="c">pccadap</subfield>
    <subfield code="d">2</subfield>
    <subfield code="e">ncip</subfield>
    <subfield code="f">20</subfield>
    <subfield code="g">y-gencatlg</subfield>
  </datafield>
  <datafield tag="925" ind1="0" ind2=" ">
    <subfield code="a">acquire</subfield>
    <subfield code="b">1 shelf copies</subfield>
    <subfield code="x">policy default</subfield>
  </datafield>
  <datafield tag="955" ind1=" " ind2=" ">
    <subfield code="b">rl02 2017-08-07 z-processor</subfield>
    <subfield code="i">rl02 2017 -08-10 to Dewey</subfield>
    <subfield code="w">xm08 2017-09-18 (telework)</subfield>
  </datafield>
  <datafield tag="010" ind1=" " ind2=" ">
    <subfield code="a">  2017302032</subfield>
  </datafield>
  <datafield tag="016" ind1="7" ind2=" ">
    <subfield code="a">101705333</subfield>
    <subfield code="2">DNLM</subfield>
  </datafield>
  <datafield tag="020" ind1=" " ind2=" ">
    <subfield code="a">9780833095749 (pbk)</subfield>
  </datafield>
  <datafield tag="020" ind1=" " ind2=" ">
    <subfield code="a">0833095749 (pbk)</subfield>
  </datafield>
  <datafield tag="035" ind1=" " ind2=" ">
    <subfield code="a">(OCoLC)ocn958864926</subfield>
  </datafield>
  <datafield tag="040" ind1=" " ind2=" ">
    <subfield code="a">NLM</subfield>
    <subfield code="b">eng</subfield>
    <subfield code="c">NLM</subfield>
    <subfield code="e">rda</subfield>
    <subfield code="d">KSU</subfield>
    <subfield code="d">KSG</subfield>
    <subfield code="d">IPL</subfield>
    <subfield code="d">STF</subfield>
    <subfield code="d">EYM</subfield>
    <subfield code="d">CSAIL</subfield>
    <subfield code="d">COD</subfield>
    <subfield code="d">BOS</subfield>
    <subfield code="d">UPM</subfield>
    <subfield code="d">YDX</subfield>
    <subfield code="d">OCLCO</subfield>
    <subfield code="d">DLC</subfield>
  </datafield>
  <datafield tag="050" ind1="0" ind2="0">
    <subfield code="a">RA643</subfield>
    <subfield code="b">.M66 2016</subfield>
  </datafield>
  <datafield tag="060" ind1="0" ind2="0">
    <subfield code="a">2017 D-973</subfield>
  </datafield>
  <datafield tag="060" ind1="1" ind2="0">
    <subfield code="a">WA 110</subfield>
  </datafield>
  <datafield tag="082" ind1="0" ind2="0">
    <subfield code="a">362.1969</subfield>
    <subfield code="2">23</subfield>
  </datafield>
  <datafield tag="100" ind1="1" ind2=" ">
    <subfield code="a">Moore, Melinda,</subfield>
    <subfield code="c">M.D.,</subfield>
    <subfield code="e">author.</subfield>
  </datafield>
  <datafield tag="245" ind1="1" ind2="0">
    <subfield code="a">Identifying future disease hot spots :</subfield>
    <subfield code="b">infectious disease vulnerability index /</subfield>
    <subfield code="c">Melinda Moore, Bill Gelfeld, Adeyemi Okunogbe, Christopher Paul ; prepared for the Office of the Secretary of Defense.</subfield>
  </datafield>
  <datafield tag="246" ind1="3" ind2="0">
    <subfield code="a">Infectious disease vulnerability index</subfield>
  </datafield>
  <datafield tag="264" ind1=" " ind2="1">
    <subfield code="a">Santa Monica, Calif. :</subfield>
    <subfield code="b">RAND,</subfield>
    <subfield code="c">[2016]</subfield>
  </datafield>
  <datafield tag="300" ind1=" " ind2=" ">
    <subfield code="a">xiii, 81 pages :</subfield>
    <subfield code="b">color illustrations, color maps ;</subfield>
    <subfield code="c">26 cm</subfield>
  </datafield>
  <datafield tag="336" ind1=" " ind2=" ">
    <subfield code="a">text</subfield>
    <subfield code="b">txt</subfield>
    <subfield code="2">rdacontent</subfield>
  </datafield>
  <datafield tag="337" ind1=" " ind2=" ">
    <subfield code="a">unmediated</subfield>
    <subfield code="b">n</subfield>
    <subfield code="2">rdamedia</subfield>
  </datafield>
  <datafield tag="338" ind1=" " ind2=" ">
    <subfield code="a">volume</subfield>
    <subfield code="b">nc</subfield>
    <subfield code="2">rdacarrier</subfield>
  </datafield>
  <datafield tag="500" ind1=" " ind2=" ">
    <subfield code="a">&quot;RR-1605-OSD&quot;--Cover page 4.</subfield>
  </datafield>
  <datafield tag="500" ind1=" " ind2=" ">
    <subfield code="a">&quot;RAND National Defense Research Institute.&quot;</subfield>
  </datafield>
  <datafield tag="500" ind1=" " ind2=" ">
    <subfield code="a">Follow-up to Mitigating the impact of Ebola in potential hot zones : a proof-of-concept approach to help decisionmakers prepare for high-risk scenarios outside Guinea, Liberia, and Sierra Leone / Bill Gelfeld, Shira Efron, Melinda Moore, Jonah Blank. 2015.</subfield>
  </datafield>
  <datafield tag="504" ind1=" " ind2=" ">
    <subfield code="a">Includes bibliographical references (pages 77-81).</subfield>
  </datafield>
  <datafield tag="505" ind1="0" ind2="0">
    <subfield code="t">Preface --</subfield>
    <subfield code="t">Figures and Tables --</subfield>
    <subfield code="t">Summary --</subfield>
    <subfield code="t">Acknowledgments --</subfield>
    <subfield code="g">Chapter 1.</subfield>
    <subfield code="t">Introduction --</subfield>
    <subfield code="g">Chapter 2.</subfield>
    <subfield code="t">Methods --</subfield>
    <subfield code="g">Chapter 3.</subfield>
    <subfield code="t">Developing a Framework to Assess Vulnerability:</subfield>
    <subfield code="t">Framework Foundation: Seven Domains and Associated Factors --</subfield>
    <subfield code="t">Assembling the Framework and Assigning Weights --</subfield>
    <subfield code="g">Chapter 4.</subfield>
    <subfield code="t">Results:</subfield>
    <subfield code="t">Initial Results --</subfield>
    <subfield code="t">Results from the Sensitivity Analysis --</subfield>
    <subfield code="t">Implications of the Findings --</subfield>
    <subfield code="g">Chapter 5.</subfield>
    <subfield code="t">Conclusions and Next Steps --</subfield>
    <subfield code="t">APPENDIXES --</subfield>
    <subfield code="t">Abbreviations --</subfield>
    <subfield code="t">Data Sources --</subfield>
    <subfield code="t">Bibliography.</subfield>
  </datafield>
  <datafield tag="520" ind1=" " ind2=" ">
    <subfield code="a">&quot;Recent high-profile outbreaks, such as Ebola and Zika, have illustrated the transnational nature of infectious diseases. Countries that are most vulnerable to such outbreaks might be higher priorities for technical support. RAND created the Infectious Disease Vulnerability Index to help U.S. government and international agencies identify these countries and thereby inform programming to preemptively help mitigate the spread and effects of potential transnational outbreaks. The authors employed a rigorous methodology to identify the countries most vulnerable to disease outbreaks. They conducted a comprehensive review of relevant literature to identify factors influencing infectious disease vulnerability. Using widely available data, the authors created an index for identifying potentially vulnerable countries and then ranked countries by overall vulnerability score. Policymakers should focus on the 25 most-vulnerable countries with an eye toward a potential &quot;disease belt&quot; in the Sahel region of Africa. The infectious disease vulnerability scores for several countries were better than what would have been predicted on the basis of economic status alone. This suggests that low-income countries can overcome economic challenges and become more resilient to public health challenges, such as infectious disease outbreaks&quot;--</subfield>
    <subfield code="c">Publisher&apos;s description.</subfield>
  </datafield>
  <datafield tag="530" ind1=" " ind2=" ">
    <subfield code="a">Also issued online.</subfield>
  </datafield>
  <datafield tag="650" ind1=" " ind2="0">
    <subfield code="a">Emerging infectious diseases</subfield>
    <subfield code="x">Prevention.</subfield>
  </datafield>
  <datafield tag="650" ind1=" " ind2="0">
    <subfield code="a">Communicable diseases</subfield>
    <subfield code="x">Prevention.</subfield>
  </datafield>
  <datafield tag="650" ind1=" " ind2="0">
    <subfield code="a">Diseases</subfield>
    <subfield code="x">Risk factors.</subfield>
  </datafield>
  <datafield tag="650" ind1=" " ind2="0">
    <subfield code="a">Epidemics</subfield>
    <subfield code="x">Political aspects.</subfield>
  </datafield>
  <datafield tag="650" ind1=" " ind2="0">
    <subfield code="a">Public health.</subfield>
  </datafield>
  <datafield tag="650" ind1="1" ind2="2">
    <subfield code="a">Communicable Disease Control.</subfield>
  </datafield>
  <datafield tag="650" ind1="2" ind2="2">
    <subfield code="a">Communicable Diseases, Emerging</subfield>
    <subfield code="x">prevention &amp; control.</subfield>
  </datafield>
  <datafield tag="650" ind1="2" ind2="2">
    <subfield code="a">Disease Outbreaks</subfield>
    <subfield code="x">prevention &amp; control.</subfield>
  </datafield>
  <datafield tag="655" ind1=" " ind2="2">
    <subfield code="a">Statistics.</subfield>
  </datafield>
  <datafield tag="700" ind1="1" ind2=" ">
    <subfield code="a">Gelfeld, Bill,</subfield>
    <subfield code="e">author.</subfield>
  </datafield>
  <datafield tag="700" ind1="1" ind2=" ">
    <subfield code="a">Okunogbe, Adeyemi,</subfield>
    <subfield code="e">author.</subfield>
  </datafield>
  <datafield tag="700" ind1="1" ind2=" ">
    <subfield code="a">Paul, Christopher,</subfield>
    <subfield code="d">1971-</subfield>
    <subfield code="e">author.</subfield>
  </datafield>
  <datafield tag="700" ind1="1" ind2=" ">
    <subfield code="a">Gelfeld, Bill.</subfield>
    <subfield code="t">Mitigating the impact of Ebola in potential hot zones.</subfield>
    <subfield code="i">Sequel to (work):</subfield>
  </datafield>
  <datafield tag="710" ind1="1" ind2=" ">
    <subfield code="a">United States.</subfield>
    <subfield code="b">Department of Defense.</subfield>
    <subfield code="b">Office of the Secretary of Defense,</subfield>
    <subfield code="e">sponsoring body.</subfield>
  </datafield>
  <datafield tag="710" ind1="2" ind2=" ">
    <subfield code="a">National Defense Research Institute (U.S.),</subfield>
    <subfield code="e">publisher,</subfield>
    <subfield code="e">issuing body.</subfield>
  </datafield>
  <datafield tag="856" ind1="4" ind2=" ">
    <subfield code="u">https://www.rand.org/content/dam/rand/pubs/research%5Freports/RR1600/RR1605/RAND%5FRR1605.pdf</subfield>
  </datafield>
  <datafield tag="856" ind1="4" ind2="1">
    <subfield code="u">http://www.rand.org/pubs/research_reports/RR1605.html</subfield>
    <subfield code="z">Connect to resource</subfield>
  </datafield>
</record>