
<record>
  <leader>01486cam a22003257i 4500</leader>
  <controlfield tag="001">19867000</controlfield>
  <controlfield tag="005">20200103151230.0</controlfield>
  <controlfield tag="008">170807e201610  is            000 0 heb  </controlfield>
  <datafield tag="906" ind1=" " ind2=" ">
    <subfield code="a">7</subfield>
    <subfield code="b">cbc</subfield>
    <subfield code="c">origres</subfield>
    <subfield code="d">2</subfield>
    <subfield code="e">ncip</subfield>
    <subfield code="f">20</subfield>
    <subfield code="g">y-nonroman</subfield>
  </datafield>
  <datafield tag="925" ind1="0" ind2=" ">
    <subfield code="a">acquire</subfield>
    <subfield code="b">1 shelf copy</subfield>
    <subfield code="x">policy default</subfield>
  </datafield>
  <datafield tag="955" ind1=" " ind2=" ">
    <subfield code="b">cd04 2017-08-07 z-processor JACKPHY</subfield>
    <subfield code="a">cd00 2017-08-07 to ASME/IJ</subfield>
    <subfield code="c">cd04 2018-11-21 telework</subfield>
    <subfield code="d">cd04 2018-12-12 telework to cd22 for NAR;</subfield>
    <subfield code="a">cd22 2019-02-06 created NAR, to cd08 ;</subfield>
    <subfield code="r">cd08 2019-02-06 reviewed nar only cd22 ;</subfield>
    <subfield code="a">cd22 2019-02-06, to cd04</subfield>
    <subfield code="e">cd04 2019-02-13 telework to BCCD</subfield>
  </datafield>
  <datafield tag="010" ind1=" " ind2=" ">
    <subfield code="a">  2017435395</subfield>
  </datafield>
  <datafield tag="020" ind1=" " ind2=" ">
    <subfield code="a">9789657598467</subfield>
  </datafield>
  <datafield tag="020" ind1=" " ind2=" ">
    <subfield code="a">965759846X</subfield>
  </datafield>
  <datafield tag="040" ind1=" " ind2=" ">
    <subfield code="a">DLC</subfield>
    <subfield code="b">eng</subfield>
    <subfield code="e">rda</subfield>
    <subfield code="c">DLC</subfield>
  </datafield>
  <datafield tag="066" ind1=" " ind2=" ">
    <subfield code="c">(2</subfield>
  </datafield>
  <datafield tag="050" ind1="0" ind2="0">
    <subfield code="a">PJ5024</subfield>
    <subfield code="b">.S519 2016</subfield>
  </datafield>
  <datafield tag="245" ind1="0" ind2="0">
    <subfield code="6">880-01</subfield>
    <subfield code="a">Shirah ʻal shirah /</subfield>
    <subfield code="c">ʻorkhot, Tsipi Harʼel ; Shoshanah Ṿig.</subfield>
  </datafield>
  <datafield tag="880" ind1="1" ind2="0">
    <subfield code="6">245-01/(2/r‏</subfield>
    <subfield code="a">‏שירה על שירה /‏</subfield>
    <subfield code="c">‏עורכות, ציפי הראל ; שושנה ויג.</subfield>
  </datafield>
  <datafield tag="246" ind1="3" ind2="1">
    <subfield code="a">Poetry about poetry</subfield>
  </datafield>
  <datafield tag="264" ind1=" " ind2="1">
    <subfield code="6">880-02</subfield>
    <subfield code="a">Netanyah :</subfield>
    <subfield code="b">Piyuṭit,</subfield>
    <subfield code="c">Oḳṭober 2016.</subfield>
  </datafield>
  <datafield tag="880" ind1=" " ind2="1">
    <subfield code="6">264-02/(2/r‏</subfield>
    <subfield code="a">‏נתניה :‏</subfield>
    <subfield code="b">‏פיוטית,‏</subfield>
    <subfield code="c">‏‪אוקטובר 2016‬.</subfield>
  </datafield>
  <datafield tag="300" ind1=" " ind2=" ">
    <subfield code="a">146 pages ;</subfield>
    <subfield code="c">23 cm</subfield>
  </datafield>
  <datafield tag="336" ind1=" " ind2=" ">
    <subfield code="a">text</subfield>
    <subfield code="b">txt</subfield>
    <subfield code="2">rdacontent</subfield>
  </datafield>
  <datafield tag="337" ind1=" " ind2=" ">
    <subfield code="a">unmediated</subfield>
    <subfield code="b">n</subfield>
    <subfield code="2">rdamedia</subfield>
  </datafield>
  <datafield tag="338" ind1=" " ind2=" ">
    <subfield code="a">volume</subfield>
    <subfield code="b">nc</subfield>
    <subfield code="2">rdacarrier</subfield>
  </datafield>
  <datafield tag="700" ind1="1" ind2=" ">
    <subfield code="6">880-03</subfield>
    <subfield code="a">Ṿig, Shoshanah,</subfield>
    <subfield code="d">1957-</subfield>
    <subfield code="e">editor.</subfield>
  </datafield>
  <datafield tag="880" ind1="1" ind2=" ">
    <subfield code="6">700-03/(2/r‏</subfield>
    <subfield code="a">‏ויג, שושנה.</subfield>
  </datafield>
  <datafield tag="700" ind1="1" ind2=" ">
    <subfield code="6">880-04</subfield>
    <subfield code="a">Harel, Tzipi,</subfield>
    <subfield code="e">editor.</subfield>
  </datafield>
  <datafield tag="880" ind1=" " ind2=" ">
    <subfield code="6">700-04/(2/r‏</subfield>
    <subfield code="a">‏הראל, ציפי</subfield>
  </datafield>
</record>