
<record>
  <leader>02421cam a22003977i 4500</leader>
  <controlfield tag="001">19898910</controlfield>
  <controlfield tag="005">20200103151233.0</controlfield>
  <controlfield tag="008">170814e201605  is       b    000 0 heb  </controlfield>
  <datafield tag="906" ind1=" " ind2=" ">
    <subfield code="a">7</subfield>
    <subfield code="b">cbc</subfield>
    <subfield code="c">origres</subfield>
    <subfield code="d">2</subfield>
    <subfield code="e">ncip</subfield>
    <subfield code="f">20</subfield>
    <subfield code="g">y-nonroman</subfield>
  </datafield>
  <datafield tag="925" ind1="0" ind2=" ">
    <subfield code="a">acquire</subfield>
    <subfield code="b">1 shelf copy</subfield>
    <subfield code="x">policy default</subfield>
  </datafield>
  <datafield tag="955" ind1=" " ind2=" ">
    <subfield code="b">cd01 2017-08-14 z-processor JACKPHY</subfield>
    <subfield code="a">cd00 2017-08-14 to ASME/IJ ;</subfield>
    <subfield code="i">cd08 2018-07-06 BF (985 created) descriptive, subj. head., shelflistd, end stage; to BCCD ;</subfield>
  </datafield>
  <datafield tag="010" ind1=" " ind2=" ">
    <subfield code="a">  2017411852</subfield>
  </datafield>
  <datafield tag="020" ind1=" " ind2=" ">
    <subfield code="a">9789657613184</subfield>
  </datafield>
  <datafield tag="020" ind1=" " ind2=" ">
    <subfield code="a">9657613183</subfield>
  </datafield>
  <datafield tag="040" ind1=" " ind2=" ">
    <subfield code="a">DLC</subfield>
    <subfield code="b">eng</subfield>
    <subfield code="e">rda</subfield>
    <subfield code="c">DLC</subfield>
  </datafield>
  <datafield tag="043" ind1=" " ind2=" ">
    <subfield code="a">awba---</subfield>
  </datafield>
  <datafield tag="050" ind1="0" ind2="0">
    <subfield code="a">HV8242.23.A5</subfield>
    <subfield code="b">A44 2016</subfield>
  </datafield>
  <datafield tag="066" ind1=" " ind2=" ">
    <subfield code="c">(2</subfield>
  </datafield>
  <datafield tag="245" ind1="0" ind2="0">
    <subfield code="6">880-01</subfield>
    <subfield code="a">ʻAleh ha-teʼenah shel ha-kibush :</subfield>
    <subfield code="b">maʻarekhet akhifat ha-ḥoḳ ha-tsevaʼit ke-manganon ṭiyuʻaḥ.</subfield>
  </datafield>
  <datafield tag="880" ind1="0" ind2="0">
    <subfield code="6">245-01/(2/r‏</subfield>
    <subfield code="a">‏עלה התאנה של הכיבוש :‏</subfield>
    <subfield code="b">‏מערכת אכיפת החוק הצבאית כמנגנון טיוח.</subfield>
  </datafield>
  <datafield tag="264" ind1=" " ind2="1">
    <subfield code="6">880-02</subfield>
    <subfield code="a">[Israel] :</subfield>
    <subfield code="b">Be-tselem,</subfield>
    <subfield code="c">Mai 2016.</subfield>
  </datafield>
  <datafield tag="880" ind1=" " ind2=" ">
    <subfield code="6">264-02/(2/r‏</subfield>
    <subfield code="a">‏[Israel] :‏</subfield>
    <subfield code="b">‏בצלם,‏</subfield>
    <subfield code="c">‏מאי 2016.</subfield>
  </datafield>
  <datafield tag="300" ind1=" " ind2=" ">
    <subfield code="a">70 pages;</subfield>
    <subfield code="c">24 cm</subfield>
  </datafield>
  <datafield tag="336" ind1=" " ind2=" ">
    <subfield code="a">text</subfield>
    <subfield code="b">txt</subfield>
    <subfield code="2">rdacontent</subfield>
  </datafield>
  <datafield tag="337" ind1=" " ind2=" ">
    <subfield code="a">unmediated</subfield>
    <subfield code="b">n</subfield>
    <subfield code="2">rdamedia</subfield>
  </datafield>
  <datafield tag="338" ind1=" " ind2=" ">
    <subfield code="a">volume</subfield>
    <subfield code="b">nc</subfield>
    <subfield code="2">rdacarrier</subfield>
  </datafield>
  <datafield tag="880" ind1=" " ind2=" ">
    <subfield code="6">500-00/(2/r‏</subfield>
    <subfield code="a">‏בעמודים 70-35: &quot;מקרים לדוגמא&quot;.</subfield>
  </datafield>
  <datafield tag="504" ind1=" " ind2=" ">
    <subfield code="a">Includes bibliographical references.</subfield>
  </datafield>
  <datafield tag="880" ind1=" " ind2=" ">
    <subfield code="6">520-00/(2/r‏</subfield>
    <subfield code="a">‏&quot;בצלם החליט שלא לתרום עוד למצג השווא של מערכת אכיפת החוק הצבאית ואין בכוונתו להמשיך ולהפנות אליה תלונות. החלטה זו מתבססת על ידע שנצבר ממאות תלונות שהגישה בצלם למערכת ופגישות רבות עם גורמים רשמיים. צדק והגנה על זכויות האדם לא יקודמו במערכת שתפקודה האמיתי נמדד ביכולתה לטייח הייטב הפרות דין ולהגן על הפוגעים.&quot; -- כריכה אחורית.</subfield>
  </datafield>
  <datafield tag="650" ind1=" " ind2="0">
    <subfield code="a">Law enforcement</subfield>
    <subfield code="z">West Bank.</subfield>
  </datafield>
  <datafield tag="650" ind1=" " ind2="0">
    <subfield code="a">Palestinian Arabs</subfield>
    <subfield code="x">Crimes against</subfield>
    <subfield code="z">West Bank.</subfield>
  </datafield>
  <datafield tag="650" ind1=" " ind2="0">
    <subfield code="a">Complaints (Military law)</subfield>
    <subfield code="z">West Bank.</subfield>
  </datafield>
  <datafield tag="710" ind1="2" ind2=" ">
    <subfield code="6">880-03</subfield>
    <subfield code="a">Be-tselem (Organization : Jerusalem)</subfield>
  </datafield>
  <datafield tag="880" ind1="2" ind2=" ">
    <subfield code="6">710-03/(2/r‏</subfield>
    <subfield code="a">‏בצלם.</subfield>
  </datafield>
  <datafield tag="952" ind1=" " ind2=" ">
    <subfield code="a">English translation = OCLC 993179147 = The occupation&apos;s fig leaf : Israel&apos;s military law enforcement system as a whitewash mechanism--cd08 2018-07-06.</subfield>
  </datafield>
  <datafield tag="985" ind1=" " ind2=" ">
    <subfield code="a">BibframePilot2</subfield>
    <subfield code="e">20180706</subfield>
  </datafield>
</record>