
<record>
  <leader>02445cam a22003497i 4500</leader>
  <controlfield tag="001">19973047</controlfield>
  <controlfield tag="005">20200103151235.0</controlfield>
  <controlfield tag="008">170901t20162016orua     6    000 1 eng  </controlfield>
  <datafield tag="906" ind1=" " ind2=" ">
    <subfield code="a">7</subfield>
    <subfield code="b">cbc</subfield>
    <subfield code="c">copycat</subfield>
    <subfield code="d">2</subfield>
    <subfield code="e">ncip</subfield>
    <subfield code="f">20</subfield>
    <subfield code="g">y-gencatlg</subfield>
  </datafield>
  <datafield tag="925" ind1="0" ind2=" ">
    <subfield code="a">acquire</subfield>
    <subfield code="b">1 shelf copy</subfield>
    <subfield code="x">policy default 2017-09-01</subfield>
  </datafield>
  <datafield tag="955" ind1=" " ind2=" ">
    <subfield code="b">sr03 2017-09-01 z-processor</subfield>
  </datafield>
  <datafield tag="010" ind1=" " ind2=" ">
    <subfield code="a">  2017270813</subfield>
  </datafield>
  <datafield tag="020" ind1=" " ind2=" ">
    <subfield code="a">9780997908800</subfield>
    <subfield code="q">(paperback)</subfield>
  </datafield>
  <datafield tag="020" ind1=" " ind2=" ">
    <subfield code="a">0997908807</subfield>
    <subfield code="q">(paperback)</subfield>
  </datafield>
  <datafield tag="035" ind1=" " ind2=" ">
    <subfield code="a">(OCoLC)ocn988325590</subfield>
  </datafield>
  <datafield tag="040" ind1=" " ind2=" ">
    <subfield code="a">DLC</subfield>
    <subfield code="b">eng</subfield>
    <subfield code="e">rda</subfield>
    <subfield code="c">DLC</subfield>
  </datafield>
  <datafield tag="050" ind1="0" ind2="0">
    <subfield code="a">Comic Book 13511</subfield>
  </datafield>
  <datafield tag="245" ind1="0" ind2="0">
    <subfield code="a">Oath :</subfield>
    <subfield code="b">an anthology of new (queer) heroes /</subfield>
    <subfield code="c">[edited by Audrey Redpath].</subfield>
  </datafield>
  <datafield tag="264" ind1=" " ind2="1">
    <subfield code="a">[Portland, OR] :</subfield>
    <subfield code="b">Mary&apos;s Monster,</subfield>
    <subfield code="c">[2016].</subfield>
  </datafield>
  <datafield tag="264" ind1=" " ind2="4">
    <subfield code="c">©2016</subfield>
  </datafield>
  <datafield tag="300" ind1=" " ind2=" ">
    <subfield code="a">[240] pages :</subfield>
    <subfield code="b">black-and-white illustrations ;</subfield>
    <subfield code="c">26 cm</subfield>
  </datafield>
  <datafield tag="336" ind1=" " ind2=" ">
    <subfield code="a">text</subfield>
    <subfield code="b">txt</subfield>
    <subfield code="2">rdacontent</subfield>
  </datafield>
  <datafield tag="336" ind1=" " ind2=" ">
    <subfield code="a">still image</subfield>
    <subfield code="b">sti</subfield>
    <subfield code="2">rdacontent</subfield>
  </datafield>
  <datafield tag="337" ind1=" " ind2=" ">
    <subfield code="a">unmediated</subfield>
    <subfield code="b">n</subfield>
    <subfield code="2">rdamedia</subfield>
  </datafield>
  <datafield tag="338" ind1=" " ind2=" ">
    <subfield code="a">volume</subfield>
    <subfield code="b">nc</subfield>
    <subfield code="2">rdacarrier</subfield>
  </datafield>
  <datafield tag="520" ind1=" " ind2=" ">
    <subfield code="a">&quot;Oath is a comic anthology of 21 superhero stories showcasing the talent of queer-led creative teams. Funded via Kickstarter in 2015, Oath imagines lesbian, gay, bisexual and trans characters as the heroes of their own stories, and throws them up against their &apos;oath-taking&apos; moment -- a foundational moment in the development of their heroic identity.&quot;--Page 4 of cover.</subfield>
  </datafield>
  <datafield tag="505" ind1="0" ind2="0">
    <subfield code="t">Change of heart /</subfield>
    <subfield code="r">Jon Erik Christianson, E.A. Denich --</subfield>
    <subfield code="t">One dress with cape /</subfield>
    <subfield code="r">Steve Foxe, Rian Sygh --</subfield>
    <subfield code="t">Fourth option /</subfield>
    <subfield code="r">Adriana Ferguson, K. Van Dam --</subfield>
    <subfield code="t">Partnership /</subfield>
    <subfield code="r">Kori Michele Handwerker --</subfield>
    <subfield code="t">Stop /</subfield>
    <subfield code="r">Blue Delliquanti --</subfield>
    <subfield code="t">I do /</subfield>
    <subfield code="r">Mari Costa --</subfield>
    <subfield code="t">Princess Cappucchino : no sugar! /</subfield>
    <subfield code="r">Jenn St-Onge --</subfield>
    <subfield code="t">Lunch break /</subfield>
    <subfield code="r">Theo Lorenz --</subfield>
    <subfield code="t">Nebulous /</subfield>
    <subfield code="r">Alex Law --</subfield>
    <subfield code="t">Safe house /</subfield>
    <subfield code="r">Lee &amp; Ty Blauersouth --</subfield>
    <subfield code="t">Jump /</subfield>
    <subfield code="r">Isabelle Melancon --</subfield>
    <subfield code="t">In the ring /</subfield>
    <subfield code="r">Audrey Redpath, Kelly and Nicole Matthews --</subfield>
    <subfield code="t">Greenhouse /</subfield>
    <subfield code="r">Kat Verhoeven --</subfield>
    <subfield code="t">Get geared up /</subfield>
    <subfield code="r">Sfe R. Monster --</subfield>
    <subfield code="t">Run /</subfield>
    <subfield code="r">Aud Koch --</subfield>
    <subfield code="t">Power couple /</subfield>
    <subfield code="r">Megan Rosalarian Gedris, Rachel Dukes --</subfield>
    <subfield code="t">Fear of my identity /</subfield>
    <subfield code="r">Tini Howard, Vaneda Vireak --</subfield>
    <subfield code="t">Work/life balance /</subfield>
    <subfield code="r">Steve Foxe, Allison Page --</subfield>
    <subfield code="t">Stardust /</subfield>
    <subfield code="r">Apollo-pop, Milkrainn --</subfield>
    <subfield code="t">Darkling /</subfield>
    <subfield code="r">Sarah Searle, Carey Pietsch --</subfield>
    <subfield code="t">Just a sidekick /</subfield>
    <subfield code="r">Sara Goetter.</subfield>
  </datafield>
  <datafield tag="650" ind1=" " ind2="0">
    <subfield code="a">Homosexuality</subfield>
    <subfield code="v">Comic books, strips, etc.</subfield>
  </datafield>
  <datafield tag="650" ind1=" " ind2="0">
    <subfield code="a">Superheroes</subfield>
    <subfield code="v">Comic books, strips, etc.</subfield>
  </datafield>
  <datafield tag="655" ind1=" " ind2="7">
    <subfield code="a">Comics (Graphic works)</subfield>
    <subfield code="2">lcgft</subfield>
  </datafield>
  <datafield tag="700" ind1="1" ind2=" ">
    <subfield code="a">Redpath, Audrey,</subfield>
    <subfield code="e">editor.</subfield>
  </datafield>
  <datafield tag="710" ind1="2" ind2=" ">
    <subfield code="a">Small Press Expo Collection (Library of Congress)</subfield>
    <subfield code="5">DLC</subfield>
  </datafield>
</record>