
<record>
  <leader>04361cam a2200481 i 4500</leader>
  <controlfield tag="001">19999991</controlfield>
  <controlfield tag="005">20200103173410.0</controlfield>
  <controlfield tag="008">170914t20182018ilu      b    001 0 eng c</controlfield>
  <datafield tag="906" ind1=" " ind2=" ">
    <subfield code="a">7</subfield>
    <subfield code="b">cbc</subfield>
    <subfield code="c">orignew</subfield>
    <subfield code="d">2</subfield>
    <subfield code="e">epcn</subfield>
    <subfield code="f">20</subfield>
    <subfield code="g">y-gencatlg</subfield>
  </datafield>
  <datafield tag="925" ind1="0" ind2=" ">
    <subfield code="a">acquire</subfield>
    <subfield code="b">1 shelf copy</subfield>
    <subfield code="x">policy default</subfield>
  </datafield>
  <datafield tag="955" ind1=" " ind2=" ">
    <subfield code="b">rm04 2018-08-14 z-processor</subfield>
    <subfield code="i">rm14 2019-05-15</subfield>
    <subfield code="a">rm15 2019-06-17 (reviewed)</subfield>
    <subfield code="e">rm14 2019-06-17 (to Dewey)</subfield>
    <subfield code="w">xm06 2020-01-03</subfield>
  </datafield>
  <datafield tag="010" ind1=" " ind2=" ">
    <subfield code="a">  2017955135</subfield>
  </datafield>
  <datafield tag="020" ind1=" " ind2=" ">
    <subfield code="a">9780252041327 (hardcover)</subfield>
  </datafield>
  <datafield tag="020" ind1=" " ind2=" ">
    <subfield code="a">0252041321 (hardcover)</subfield>
  </datafield>
  <datafield tag="020" ind1=" " ind2=" ">
    <subfield code="a">9780252082856 (paperback)</subfield>
  </datafield>
  <datafield tag="020" ind1=" " ind2=" ">
    <subfield code="a">0252082850 (paperback)</subfield>
  </datafield>
  <datafield tag="020" ind1=" " ind2=" ">
    <subfield code="z">9780252099922 (e-book)</subfield>
  </datafield>
  <datafield tag="020" ind1=" " ind2=" ">
    <subfield code="z">0252099923 (e-book)</subfield>
  </datafield>
  <datafield tag="035" ind1=" " ind2=" ">
    <subfield code="a">(OCoLC)ocn983824344</subfield>
  </datafield>
  <datafield tag="040" ind1=" " ind2=" ">
    <subfield code="a">BTCTA</subfield>
    <subfield code="b">eng</subfield>
    <subfield code="e">rda</subfield>
    <subfield code="c">BTCTA</subfield>
    <subfield code="d">YDX</subfield>
    <subfield code="d">BDX</subfield>
    <subfield code="d">ERASA</subfield>
    <subfield code="d">SPI</subfield>
    <subfield code="d">CDX</subfield>
    <subfield code="d">OCLCO</subfield>
    <subfield code="d">WEX</subfield>
    <subfield code="d">OCLCF</subfield>
    <subfield code="d">COD</subfield>
    <subfield code="d">IOJ</subfield>
    <subfield code="d">INU</subfield>
    <subfield code="d">L2U</subfield>
    <subfield code="d">GSU</subfield>
    <subfield code="d">CLU</subfield>
    <subfield code="d">CHVBK</subfield>
    <subfield code="d">NRC</subfield>
    <subfield code="d">OCLCO</subfield>
    <subfield code="d">NJB</subfield>
    <subfield code="d">DLC</subfield>
  </datafield>
  <datafield tag="042" ind1=" " ind2=" ">
    <subfield code="a">pcc</subfield>
  </datafield>
  <datafield tag="043" ind1=" " ind2=" ">
    <subfield code="a">n-us---</subfield>
  </datafield>
  <datafield tag="050" ind1="0" ind2="0">
    <subfield code="a">HV4915</subfield>
    <subfield code="b">.E85 2018</subfield>
  </datafield>
  <datafield tag="082" ind1="0" ind2="0">
    <subfield code="a">179/.4</subfield>
    <subfield code="2">23</subfield>
  </datafield>
  <datafield tag="245" ind1="0" ind2="4">
    <subfield code="a">The ethical case against animal experiments /</subfield>
    <subfield code="c">edited by Andrew Linzey and Clair Linzey.</subfield>
  </datafield>
  <datafield tag="264" ind1=" " ind2="1">
    <subfield code="a">Urbana :</subfield>
    <subfield code="b">University of Illinois Press,</subfield>
    <subfield code="c">[2018]</subfield>
  </datafield>
  <datafield tag="264" ind1=" " ind2="4">
    <subfield code="c">©2018</subfield>
  </datafield>
  <datafield tag="300" ind1=" " ind2=" ">
    <subfield code="a">216 pages ;</subfield>
    <subfield code="c">28 cm</subfield>
  </datafield>
  <datafield tag="336" ind1=" " ind2=" ">
    <subfield code="a">text</subfield>
    <subfield code="b">txt</subfield>
    <subfield code="2">rdacontent</subfield>
  </datafield>
  <datafield tag="337" ind1=" " ind2=" ">
    <subfield code="a">unmediated</subfield>
    <subfield code="b">n</subfield>
    <subfield code="2">rdamedia</subfield>
  </datafield>
  <datafield tag="338" ind1=" " ind2=" ">
    <subfield code="a">volume</subfield>
    <subfield code="b">nc</subfield>
    <subfield code="2">rdacarrier</subfield>
  </datafield>
  <datafield tag="504" ind1=" " ind2=" ">
    <subfield code="a">Includes bibliographical resources and index.</subfield>
  </datafield>
  <datafield tag="520" ind1="8" ind2=" ">
    <subfield code="a">&quot;At present, human beings worldwide are using an estimated 115.3 million animals in experiments--a normalization of the unthinkable on an immense scale. In terms of harm, pain, suffering, and death, animal experiments constitute one of the major moral issues of our time. Given today&apos;s deeper understanding of animal sentience, the contributors to this volume argue that we must afford animals a special moral consideration that precludes their use in experiments. The Ethical Case against Animal Experiments begins with the Oxford Centre for Animal Ethics&apos;s groundbreaking and comprehensive ethical critique of the practice of animal experiments. A second section offers original writings that engage with, and elaborate on, aspects of the Oxford Centre report. The essayists explore historical, philosophical, and personal perspectives that range from animal experiments in classical times to the place of necessity in animal research to one researcher&apos;s painful journey from researcher to opponent. A devastating look at a contemporary moral crisis, The Ethical Case against Animal Experiments melds logic and compassion to mount a powerful challenge to human cruelty&quot; --</subfield>
    <subfield code="c">Provided by publisher.</subfield>
  </datafield>
  <datafield tag="505" ind1="0" ind2="0">
    <subfield code="g">Introduction.</subfield>
    <subfield code="t">Oxford : the home of controversy about animals /</subfield>
    <subfield code="r">Andrew Linzey, Clair Linzey --</subfield>
    <subfield code="g">part 1.</subfield>
    <subfield code="t">Normalizing the unthinkable : the ethics of using animals in research : a report of the working group of the Oxford Centre for Animal Ethics --</subfield>
    <subfield code="g">part 2.</subfield>
    <subfield code="t">Supporting essays.</subfield>
    <subfield code="t">Animal experimentation in classical antiquity /</subfield>
    <subfield code="r">Simon Pulleyn --</subfield>
    <subfield code="t">Gender and the animal experiments controversy in nineteenth century America /</subfield>
    <subfield code="r">Robyn Hederman --</subfield>
    <subfield code="t">Is &quot;necessity&quot; a useful concept in animal research ethics? /</subfield>
    <subfield code="r">John Rossi, Samual A. Garner --</subfield>
    <subfield code="t">Science fiction and science fact : ethics and nonhuman animal experiments /</subfield>
    <subfield code="r">Kay Peggs --</subfield>
    <subfield code="t">Harms versus benefits : a practical critique of utilitarian calculations /</subfield>
    <subfield code="r">Katy D. Taylor --</subfield>
    <subfield code="t">Utilitarian benefit and uncertainty under emergent systems /</subfield>
    <subfield code="r">Robert Patrick Stone Lazo --</subfield>
    <subfield code="t">Do moral principles permit experimenting on nonconsenting beings? /</subfield>
    <subfield code="r">Nedim C. Buyukmihci --</subfield>
    <subfield code="t">Can animal experiments be ethically acceptable when they are not scientifically defensible? /</subfield>
    <subfield code="r">Jarrod Bailey --</subfield>
    <subfield code="t">A Rawlsian case against animal experimentation /</subfield>
    <subfield code="r">Carlos Frederico Ramos de Jesus --</subfield>
    <subfield code="t">Harms of captivity within laboratories and afterward /</subfield>
    <subfield code="r">Elizabeth Tyson -- When Harry meets Harry : an ethical assessment of Harry Harlow&apos;s maternal deprivation experiments /</subfield>
    <subfield code="r">Kurt Remele.</subfield>
  </datafield>
  <datafield tag="650" ind1=" " ind2="0">
    <subfield code="a">Animal experimentation</subfield>
    <subfield code="x">Moral and ethical aspects.</subfield>
  </datafield>
  <datafield tag="650" ind1=" " ind2="7">
    <subfield code="a">Animal experimentation.</subfield>
    <subfield code="2">fast</subfield>
    <subfield code="0">(OCoLC)fst00809161</subfield>
  </datafield>
  <datafield tag="650" ind1=" " ind2="7">
    <subfield code="a">Animal experimentation</subfield>
    <subfield code="x">Moral and ethical aspects.</subfield>
    <subfield code="2">fast</subfield>
    <subfield code="0">(OCoLC)fst00809169</subfield>
  </datafield>
  <datafield tag="650" ind1=" " ind2="7">
    <subfield code="a">Tierethik</subfield>
    <subfield code="2">gnd</subfield>
  </datafield>
  <datafield tag="650" ind1=" " ind2="7">
    <subfield code="a">Tierversuch</subfield>
    <subfield code="2">gnd</subfield>
  </datafield>
  <datafield tag="650" ind1=" " ind2="7">
    <subfield code="a">08.38 ethics.</subfield>
    <subfield code="2">nbc</subfield>
    <subfield code="0">(NL-LeOCL)077593472</subfield>
  </datafield>
  <datafield tag="700" ind1="1" ind2=" ">
    <subfield code="a">Linzey, Andrew,</subfield>
    <subfield code="e">editor.</subfield>
  </datafield>
  <datafield tag="700" ind1="1" ind2=" ">
    <subfield code="a">Linzey, Clair,</subfield>
    <subfield code="e">editor.</subfield>
  </datafield>
  <datafield tag="955" ind1=" " ind2=" ">
    <subfield code="a">pc28 2017-09-14</subfield>
    <subfield code="a">xn11 2018-08-04 1 copy rec&apos;d., to USASH</subfield>
  </datafield>
</record>