
<record>
  <leader>02214cam a22004097i 4500</leader>
  <controlfield tag="001">20028837</controlfield>
  <controlfield tag="005">20200103151238.0</controlfield>
  <controlfield tag="008">170922s2016    utu      b    001 0 eng c</controlfield>
  <datafield tag="906" ind1=" " ind2=" ">
    <subfield code="a">0</subfield>
    <subfield code="b">ibc</subfield>
    <subfield code="c">pccadap</subfield>
    <subfield code="d">2</subfield>
    <subfield code="e">ncip</subfield>
    <subfield code="f">20</subfield>
    <subfield code="g">y-gencatlg</subfield>
  </datafield>
  <datafield tag="925" ind1="0" ind2=" ">
    <subfield code="a">acquire</subfield>
    <subfield code="b">1 shelf copy</subfield>
    <subfield code="x">policy default</subfield>
  </datafield>
  <datafield tag="955" ind1=" " ind2=" ">
    <subfield code="b">rk47 2017-09-22 z-processor</subfield>
    <subfield code="i">rk47 2017-11-06 to BCCD</subfield>
    <subfield code="a">rk47 2017-11-16</subfield>
  </datafield>
  <datafield tag="010" ind1=" " ind2=" ">
    <subfield code="a">  2017446640</subfield>
  </datafield>
  <datafield tag="020" ind1=" " ind2=" ">
    <subfield code="a">9781524401726</subfield>
    <subfield code="q">(pbk.)</subfield>
  </datafield>
  <datafield tag="020" ind1=" " ind2=" ">
    <subfield code="a">1524401722</subfield>
    <subfield code="q">(pbk.)</subfield>
  </datafield>
  <datafield tag="035" ind1=" " ind2=" ">
    <subfield code="a">(OCoLC)ocn965644624</subfield>
  </datafield>
  <datafield tag="040" ind1=" " ind2=" ">
    <subfield code="a">UUC</subfield>
    <subfield code="b">eng</subfield>
    <subfield code="c">UUC</subfield>
    <subfield code="e">rda</subfield>
    <subfield code="d">OCLCO</subfield>
    <subfield code="d">UBY</subfield>
    <subfield code="d">OCLCF</subfield>
    <subfield code="d">BTCTA</subfield>
    <subfield code="d">DLC</subfield>
  </datafield>
  <datafield tag="050" ind1="0" ind2="0">
    <subfield code="a">BX8695.S6</subfield>
    <subfield code="b">A25 2016</subfield>
  </datafield>
  <datafield tag="100" ind1="1" ind2=" ">
    <subfield code="a">Smith, Joseph,</subfield>
    <subfield code="c">Jr.,</subfield>
    <subfield code="d">1805-1844.</subfield>
  </datafield>
  <datafield tag="240" ind1="1" ind2="0">
    <subfield code="a">Works.</subfield>
    <subfield code="k">Selections.</subfield>
    <subfield code="f">2016</subfield>
  </datafield>
  <datafield tag="245" ind1="1" ind2="0">
    <subfield code="a">Millions shall know brother Joseph again /</subfield>
    <subfield code="c">Taylor Halverson &amp; Tyler Griffin, editors.</subfield>
  </datafield>
  <datafield tag="260" ind1=" " ind2=" ">
    <subfield code="a">American Fork, Utah :</subfield>
    <subfield code="b">Covenant Communications, Inc.,</subfield>
    <subfield code="c">[2016]</subfield>
  </datafield>
  <datafield tag="300" ind1=" " ind2=" ">
    <subfield code="a">370 pages ;</subfield>
    <subfield code="c">16 cm</subfield>
  </datafield>
  <datafield tag="336" ind1=" " ind2=" ">
    <subfield code="a">text</subfield>
    <subfield code="b">txt</subfield>
    <subfield code="2">rdacontent</subfield>
  </datafield>
  <datafield tag="337" ind1=" " ind2=" ">
    <subfield code="a">unmediated</subfield>
    <subfield code="b">n</subfield>
    <subfield code="2">rdamedia</subfield>
  </datafield>
  <datafield tag="338" ind1=" " ind2=" ">
    <subfield code="a">volume</subfield>
    <subfield code="b">nc</subfield>
    <subfield code="2">rdacarrier</subfield>
  </datafield>
  <datafield tag="520" ind1=" " ind2=" ">
    <subfield code="a">Taken from such influential sources as The Joseph Smith Papers, The History of the Church, and the Doctrine and Covenants, this compilation of quotes is designed to provide meaningful moments of meditation as you learn from the prophet of the Restoration. No matter your method, whether reading a quote a day in brief reflection, or delving deeper into each quote in conjunction with the comprehensive topical index included, the light and truth found in the words of Joseph Smith are sure to be a steady guide through each day of the year.</subfield>
  </datafield>
  <datafield tag="500" ind1=" " ind2=" ">
    <subfield code="a">Includes bibliographical references and index.</subfield>
  </datafield>
  <datafield tag="600" ind1="1" ind2="0">
    <subfield code="a">Smith, Joseph,</subfield>
    <subfield code="c">Jr.,</subfield>
    <subfield code="d">1805-1844</subfield>
    <subfield code="v">Quotations.</subfield>
  </datafield>
  <datafield tag="650" ind1=" " ind2="0">
    <subfield code="a">Meditations.</subfield>
  </datafield>
  <datafield tag="610" ind1="2" ind2="0">
    <subfield code="a">Church of Jesus Christ of Latter-day Saints</subfield>
    <subfield code="x">Doctrines.</subfield>
  </datafield>
  <datafield tag="600" ind1="1" ind2="7">
    <subfield code="a">Smith, Joseph,</subfield>
    <subfield code="c">Jr.,</subfield>
    <subfield code="d">1805-1844.</subfield>
    <subfield code="2">fast</subfield>
    <subfield code="0">(OCoLC)fst01801593</subfield>
  </datafield>
  <datafield tag="610" ind1="2" ind2="7">
    <subfield code="a">Church of Jesus Christ of Latter-day Saints.</subfield>
    <subfield code="2">fast</subfield>
    <subfield code="0">(OCoLC)fst00549691</subfield>
  </datafield>
  <datafield tag="650" ind1=" " ind2="7">
    <subfield code="a">Meditations.</subfield>
    <subfield code="2">fast</subfield>
    <subfield code="0">(OCoLC)fst01015445</subfield>
  </datafield>
  <datafield tag="650" ind1=" " ind2="7">
    <subfield code="a">Theology, Doctrinal.</subfield>
    <subfield code="2">fast</subfield>
    <subfield code="0">(OCoLC)fst01149617</subfield>
  </datafield>
  <datafield tag="655" ind1=" " ind2="7">
    <subfield code="a">Quotations.</subfield>
    <subfield code="2">fast</subfield>
    <subfield code="0">(OCoLC)fst01423792</subfield>
  </datafield>
  <datafield tag="700" ind1="1" ind2=" ">
    <subfield code="a">Halverson, Taylor,</subfield>
    <subfield code="e">editor.</subfield>
  </datafield>
  <datafield tag="700" ind1="1" ind2=" ">
    <subfield code="a">Griffin, Tyler J.</subfield>
    <subfield code="q">(Tyler Jay),</subfield>
    <subfield code="d">1973-</subfield>
    <subfield code="e">editor.</subfield>
  </datafield>
</record>